@misc{rasacore,
	title = {rasa_core}, 
 	howpublished = {\url{https://core.rasa.com//}}
}
  
@misc{rasanlu,
	title = {Rasa NLU}, 
	howpublished = {\url{https://nlu.rasa.com/}}
}

@misc{SpeechRecognition,
	title = {SpeechRecognition}, 
	howpublished = {\url{https://github.com/Uberi/speech_recognition}}
}

@misc{ttspy,
	title = {pyttsx3}, 
	howpublished = {\url{https://github.com/nateshmbhat/pyttsx3}}
}

